@Book{ chelnokov,
	author = "Челноков Ю.Н.",
	title = "Кватернионные и бикватернионные модели и методы механики твердого тела и их приложения. Геометрия и кинематика движения.",
	publisher = "М.: ФИЗМАТЛИТ",
	year = "2006",
	pages = "512",
	language = "russian"
}

@Book{ branets,
	author = "Бранец В.Н., Шмыглевский И.П.",
	title = "Применение кватернионов в задачах ориентации твердого тела.",
	publisher = "М.: Наука",
	year = "1973",
	pages = "320",
	language = "russian"
}

@Book{ buhgolc,
	author = "Бухгольц Н.Н.",
	title = "Основной курс теоретической механики. Часть 2.",
	publisher = "М.: Наука",
	year = "1966",
	pages = "332",
	language = "russian"
}

@Book{ pontryagin,
	author = "Понтрягин Л.С., Мищенко Е.Ф.",
	title = "Математическая теория оптимальных процессов.",
	publisher = "М.: Наука",
	year = "1983",
	pages = "392",
	language = "russian"
}

@Book{ roitenberg,
	author = "Ройтенберг Я.Н.",
	title = "Автоматическое управление.",
	publisher = "М.: Наука",
	year = "1971",
	pages = "396",
	language = "russian"
}

@Book{ samarskii,
	author = "Самарский А.А., Гулин А.В.",
	title = "Численные методы.",
	publisher = "М.: Наука",
	year = "1989",
	pages = "432",
	language = "russian"
}

@Book{ bre,
	author = "Прохоров А.М.",
	title = "Большая советская энциклопедия. В 30 томах.",
	publisher = "М.: Советская энциклопедия",
	year = "1978",
	pages = "19774",
	language = "russian"
}

@Book{ matan,
	author = "Ильин В.А.",
	title = "Математический анализ. Продолжение курса.",
	publisher = "М: МГУ",
	year = "1987",
	pages = "244",
	language = "russian"
}

@Book{ python,
	author = "Сузи Р.А.",
	title = "Язык программирования Python.",
	publisher = "М.: Интернет-Университет Информационных Технологий",
	year = "2007",
	pages = "327",
	language = "russian"
}

@Book{ latex,
	author = "Львовский С.М.",
	title = "Набор и верстка в пакете \LaTeX.",
	publisher = "М.: МЦНМО",
	year = "2006",
	pages = "448",
	language = "russian"
}

@Book{ mechanics,
	author = "Седов Л.И.",
	title = "Механика сплошной среды.",
	publisher = "М.: Наука",
	year = "1970",
	pages = "166",
	language = "russian"
}

@Book{ methods,
	author = "Амосов А.A.",
	title = "Вычислительные методы для инженеров: Учебное пособие.",
	publisher = "М.: Наука",
	year = "1980",
	pages = "218",
	language = "russian"
}

@Book{ pontryagin2,
	author = "Понтрягин Л.С.",
	title = "Обыкновенные дифференциальные уравнения.",
	publisher = "М.: Наука",
	year = "1983",
	pages = "393",
	language = "russian"
}

@Book{ demidovich,
	author = "Демидович Б.П., Кудрявцев В.А.",
	title = "Краткий курс высшей математики.",
	publisher = "М: Астрель",
	year = "2006",
	pages = "991",
	language = "russian"
}

@Book { lutz,
	author = "Лутц Марк",
	title = "Изучаем Python",
	publisher = "М: Символ-Плюс",
	year = "2016",
	pages = "1280",
	language = "russian"
}

@Manual { mongodb, 
	title = "MongoDB Documentation - https://docs.mongodb.com"
}

@Manual { scipy,
	title = "SciPy.org Documetation - https://www.scipy.org/docs.html"
}

